<?xml version="1.0" encoding="UTF-8"?><collection xmlns="http://www.loc.gov/MARC21/slim"><record><leader>00314nam--2200121-i-4500</leader><controlfield tag="001">000034772</controlfield><controlfield tag="002">20161230</controlfield><controlfield tag="005">20161230201040</controlfield><controlfield tag="008">060222s1000------------r-----000-0-eng-d</controlfield><datafield ind1=" " ind2=" " tag="080"><subfield code="a">539.1.078</subfield></datafield><datafield ind1=" " ind2=" " tag="245"><subfield code="a">The np electrical mirror</subfield></datafield><datafield ind1=" " ind2=" " tag="260"><subfield code="a">/F.L./ European Organization For Nuclear Research, 1966. 5p</subfield></datafield><datafield ind1=" " ind2=" " tag="852"><subfield code="a">25907</subfield></datafield></record></collection>